<?xml version="1.0" encoding="UTF-8"?><collection xmlns="http://www.loc.gov/MARC21/slim"><record><leader>00358nam--2200145-i-4500</leader><controlfield tag="001">000042609</controlfield><controlfield tag="002">20161230</controlfield><controlfield tag="005">20161230201043</controlfield><controlfield tag="008">060222s1000------------r-----000-0-eng-d</controlfield><datafield ind1=" " ind2=" " tag="080"><subfield code="a">517(075.8)</subfield></datafield><datafield ind1=" " ind2=" " tag="100"><subfield code="a">Stanasila,O</subfield></datafield><datafield ind1=" " ind2=" " tag="245"><subfield code="a">Analiza matematica</subfield></datafield><datafield ind1=" " ind2=" " tag="260"><subfield code="a">Bucuresti, Ed.Did.Si Ped.,1981. 480 P</subfield></datafield><datafield ind1=" " ind2=" " tag="852"><subfield code="a">48778</subfield><subfield code="c">517</subfield></datafield><datafield ind1=" " ind2=" " tag="CAT"><subfield code="a">Sys</subfield><subfield code="c">20080707</subfield><subfield code="h">124354</subfield></datafield></record></collection>